@article{gupta2022detection,
	title={Detection of tool based edited images from error level analysis and convolutional neural network},
	author={Gupta, Abhishek and Joshi, Raunak and Laban, Ronald},
	journal={arXiv preprint arXiv:2204.09075},
	year={2022}
}
@inproceedings{kaur2019weak,
	title={Weak form efficiency of currency futures: Evidence from India},
	author={Kaur, Amandeep and Chahal, Deepak and Kharb, Latika},
	booktitle={2019 International Conference on Computing, Communication, and Intelligent Systems (ICCCIS)},
	pages={30--35},
	year={2019},
	organization={IEEE}
}
@inproceedings{singh2021image,
title={Image forgery detection using deep neural network},
author={Singh, Anushka and Singh, Jyotsna},
booktitle={2021 8th International conference on signal processing and integrated networks (SPIN)},
pages={504--509},
year={2021},
organization={IEEE}
}

@inproceedings{7412439,
	author={Warif, Nor Bakiah Abd and Idris, Mohd. Yamani Idna and Wahab, Ainuddin Wahid Abdul and Salleh, Rosli},
	booktitle={2015 5th IEEE International Conference on System Engineering and Technology (ICSET)}, 
	title={An evaluation of Error Level Analysis in image forensics}, 
	year={2015},
	volume={},
	number={},
	pages={23-28},
	keywords={Transform coding;Image coding;Image forensics;Splicing;Forgery;Digital images;Authentication;image forensics;JPEG compression;error level analysis},
	doi={10.1109/ICSEngT.2015.7412439}}

@misc{simonyan2015deepconvolutionalnetworkslargescale,
	title={Very Deep Convolutional Networks for Large-Scale Image Recognition}, 
	author={Karen Simonyan and Andrew Zisserman},
	year={2015},
	eprint={1409.1556},
	archivePrefix={arXiv},
	primaryClass={cs.CV},
	url={https://arxiv.org/abs/1409.1556},
}
	
@inproceedings{han2020scene,
	title={Scene-unified image translation for visual localization},
	author={Han, Sheng and Gao, Wei and Wan, Yiming and Wu, Yihong},
	booktitle={2020 IEEE International Conference on Image Processing (ICIP)},
	pages={2266--2270},
	year={2020},
	organization={IEEE}
}
@inproceedings{he2016deep,
	title={Deep residual learning for image recognition},
	author={He, Kaiming and Zhang, Xiangyu and Ren, Shaoqing and Sun, Jian},
	booktitle={Proceedings of the IEEE conference on computer vision and pattern recognition},
	pages={770--778},
	year={2016}
}
@inproceedings{thepade2021image,
	title={Image Forgery Detection using Machine Learning with Fusion of Global and Local Thepade's SBTC Features},
	author={Thepade, Sudeep D and Bhandari, Sanket and Bagde, Chirag and Chaware, Rutuja and Lodha, Krutik},
	booktitle={2021 International Conference on Disruptive Technologies for Multi-Disciplinary Research and Applications (CENTCON)},
	volume={1},
	pages={234--238},
	year={2021},
	organization={IEEE}
}
@INPROCEEDINGS{10296670,
	author={Abd El-Latif, Eman I. and Taha, Ahmed and Zayed, Hala H.},
	booktitle={2023 5th Novel Intelligent and Leading Emerging Sciences Conference (NILES)}, 
	title={Digital Images Authentication Technique Based on Multi-Blocks DCT and Singular Value Decomposition}, 
	year={2023},
	volume={},
	number={},
	pages={200-204},
	keywords={Image color analysis;Splicing;Digital images;Software algorithms;Support vector machine classification;Forgery;Software;Digital forensics;Singular value decomposition;discrete cosine transform;splicing image;Support vector machine},
	doi={10.1109/NILES59815.2023.10296670}}
@INPROCEEDINGS{10747914,
	author={Prasetya, Naufal Ikhsan Rizki and Irmawati},
	booktitle={2024 4th International Conference of Science and Information Technology in Smart Administration (ICSINTESA)}, 
	title={Detection of Image Splicing and Copy-Move Forgery Using the Prewitt Operator and CNN Approach}, 
	year={2024},
	volume={},
	number={},
	pages={475-480},
	keywords={Accuracy;Social networking (online);Law;Splicing;Neural networks;Morphology;Feature extraction;Forgery;Convolutional neural networks;Standards;cnn;copy-move;deep learning;image forgery;splicing},
	doi={10.1109/ICSINTESA62455.2024.10747914}}
@inproceedings{boustany2024image,
	title={Image Fraud Detection Application Using Convolutional Neural Networks (CNNs)-“ImageGuard”},
	author={Boustany, Charbel and Wehbe, Ali},
	booktitle={2024 22nd International Conference on Research and Education in Mechatronics (REM)},
	pages={23--28},
	year={2024},
	organization={IEEE}
}	
@INPROCEEDINGS{10688184,
	author={Singh, Davinder Paul and Nair, Vinith Kumar and Singh, Ram Murat and Bafna, Puneet and Vedaraj, M. and Priya, Veeraraghavan Vishnu},
	booktitle={2024 OPJU International Technology Conference (OTCON) on Smart Computing for Innovation and Advancement in Industry 4.0}, 
	title={Image Forgery Detection and Classification using Deep Learning}, 
	year={2024},
	volume={},
	number={},
	pages={1-5},
	keywords={Deep learning;Technological innovation;Convolution;Social networking (online);Image color analysis;Splicing;Lighting;Image Forensic;Deep Learning;CNN;Feature Extraction;ML},
	doi={10.1109/OTCON60325.2024.10688184}}
@INPROCEEDINGS{9885600,
	author={Baviskar, Mohit and Rathod, Sheetal and Lohokare, Jay},
	booktitle={2022 International Conference on Computing, Communication, Security and Intelligent Systems (IC3SIS)}, 
	title={A Comparative Analysis of Image Forgery Detection Techniques}, 
	year={2022},
	volume={},
	number={},
	pages={1-6},
	keywords={Deep learning;Training;Computational modeling;Information sharing;Forgery;Mathematical models;Convolutional neural networks;image forgery;deep learning;image tampering;image classification;convolutional neural network;error level analysis},
	doi={10.1109/IC3SIS54991.2022.9885600}}
@inproceedings{zhou2018learning,
	title={Learning rich features for image manipulation detection},
	author={Zhou, Peng and Han, Xintong and Morariu, Vlad I and Davis, Larry S},
	booktitle={Proceedings of the IEEE conference on computer vision and pattern recognition},
	pages={1053--1061},
	year={2018}
}
@article{selvaraju2016grad,
	title={Grad-CAM: Why did you say that?},
	author={Selvaraju, Ramprasaath R and Das, Abhishek and Vedantam, Ramakrishna and Cogswell, Michael and Parikh, Devi and Batra, Dhruv},
	journal={arXiv preprint arXiv:1611.07450},
	year={2016}
}
@INPROCEEDINGS{8451227,
	author={Pomari, Thales and Ruppert, Guillherme and Rezende, Edmar and Rocha, Anderson and Carvalho, Tiago},
	booktitle={2018 25th IEEE International Conference on Image Processing (ICIP)}, 
	title={Image Splicing Detection Through Illumination Inconsistencies and Deep Learning}, 
	year={2018},
	volume={},
	number={},
	pages={3788-3792},
	keywords={Splicing;Feature extraction;Forgery;Lighting;Task analysis;Training;Forensics},
	doi={10.1109/ICIP.2018.8451227}}
@ARTICLE{8626149,
	author={Bappy, Jawadul H. and Simons, Cody and Nataraj, Lakshmanan and Manjunath, B. S. and Roy-Chowdhury, Amit K.},
	journal={IEEE Transactions on Image Processing}, 
	title={Hybrid LSTM and Encoder–Decoder Architecture for Detection of Image Forgeries}, 
	year={2019},
	volume={28},
	number={7},
	pages={3286-3300},
	keywords={Feature extraction;Transform coding;Decoding;Semantics;Image segmentation;Splicing;Forgery;Image forgery;tamper localization;segmentation;resampling;LSTM;CNN;encoder;decoder},
	doi={10.1109/TIP.2019.2895466}}	
@INPROCEEDINGS{9670931,
	author={Jadhav, Sachin.R. and Ramlal Shelot, Neha},
	booktitle={2021 International Conference on Artificial Intelligence and Machine Vision (AIMV)}, 
	title={Analysis of Image Forgery Detection Using Canny Edge Detector}, 
	year={2021},
	volume={},
	number={},
	pages={1-6},
	keywords={Costs;Image edge detection;Digital images;Machine vision;Forensics;Detectors;Feature extraction;SIFT;SLIC;K-means classification;copy-move forgery;canny edge detector},
	doi={10.1109/AIMV53313.2021.9670931}}
@INPROCEEDINGS{9121083,
	author={Agarwal, Ritu and Khudaniya, Deepak and Gupta, Abhinav and Grover, Khyati},
	booktitle={2020 4th International Conference on Intelligent Computing and Control Systems (ICICCS)}, 
	title={Image Forgery Detection and Deep Learning Techniques: A Review}, 
	year={2020},
	volume={},
	number={},
	pages={1096-1100},
	keywords={Deep learning;Neural networks;Computer architecture;Feature extraction;Control systems;Forgery;Software;Copy move forgery;Image splicing;Convolutional neural network;Deep neural network},
	doi={10.1109/ICICCS48265.2020.9121083}}
@ARTICLE{8755865,
	author={Zheng, Yue and Cao, Yuan and Chang, Chip-Hong},
	journal={IEEE Transactions on Information Forensics and Security}, 
	title={A PUF-Based Data-Device Hash for Tampered Image Detection and Source Camera Identification}, 
	year={2020},
	volume={15},
	number={},
	pages={620-634},
	keywords={Feature extraction;Cameras;Forensics;Forgery;Watermarking;Camera Identification;Digital Image Forensics;Perceptual Image Hash;Physical Unclonable Function},
	doi={10.1109/TIFS.2019.2926777}}
@inproceedings{chou2018copy,
	title={Copy-move forgery detection based on local gabor wavelets patterns},
	author={Chou, Chao-Lung and Lee, Jen-Chun},
	booktitle={Security with Intelligent Computing and Big-data Services},
	pages={47--56},
	year={2018},
	organization={Springer}
}
@INPROCEEDINGS{10151341,
	author={Narayan, Dipanshu and Himanshu and Kamal, Rishabh},
	booktitle={2023 International Conference on Disruptive Technologies (ICDT)}, 
	title={Image Forgery Detection}, 
	year={2023},
	volume={},
	number={},
	pages={549-552},
	keywords={Deep learning;Image coding;Social networking (online);Neural networks;Transforms;Feature extraction;Forgery;Digital image;Image forgery detection techniques;CNN;OpenCV},
	doi={10.1109/ICDT57929.2023.10151341}}
@INPROCEEDINGS{8456113,
	author={Wei, Yang and Bi, Xiuli and Xiao, Bin},
	booktitle={2018 17th IEEE International Conference On Trust, Security And Privacy In Computing And Communications/ 12th IEEE International Conference On Big Data Science And Engineering (TrustCom/BigDataSE)}, 
	title={C2R Net: The Coarse to Refined Network for Image Forgery Detection}, 
	year={2018},
	volume={},
	number={},
	pages={1656-1659},
	keywords={Conferences;Security;Data privacy;Big Data;1/f noise;Image forensics, intrinsic difference, convolutional neural networks, splicing forgery detection, image-level CNN},
	doi={10.1109/TrustCom/BigDataSE.2018.00245}}
@INPROCEEDINGS{8631389,
	author={Majumder, Md. Taksir Hasan and Alim Al Islam, A. B. M.},
	booktitle={2018 5th International Conference on Networking, Systems and Security (NSysS)}, 
	title={A Tale of a Deep Learning Approach to Image Forgery Detection}, 
	year={2018},
	volume={},
	number={},
	pages={1-9},
	keywords={Forgery;Feature extraction;Deep learning;Splicing;Discrete cosine transforms;Media;Signal processing;Convolutional Neural Network;Deep Learning;Image Forgery Classification;Image Splicing},
	doi={10.1109/NSysS.2018.8631389}}
@INPROCEEDINGS{8456123,
	author={Huang, Na and He, Jingsha and Zhu, Nafei},
	booktitle={2018 17th IEEE International Conference On Trust, Security And Privacy In Computing And Communications/ 12th IEEE International Conference On Big Data Science And Engineering (TrustCom/BigDataSE)}, 
	title={A Novel Method for Detecting Image Forgery Based on Convolutional Neural Network}, 
	year={2018},
	volume={},
	number={},
	pages={1702-1705},
	keywords={Feature extraction;Forgery;Training;Support vector machines;Convolutional neural networks;Forensics;Kernel;digital forensic, image forgery, tempering detection, deep feature, convolutional neural network},
	doi={10.1109/TrustCom/BigDataSE.2018.00255}}
@ARTICLE{8554259,
	author={Shi, Zenan and Shen, Xuanjing and Kang, Hui and Lv, Yingda},
	journal={IEEE Access}, 
	title={Image Manipulation Detection and Localization Based on the Dual-Domain Convolutional Neural Networks}, 
	year={2018},
	volume={6},
	number={},
	pages={76437-76453},
	keywords={Feature extraction;Convolutional neural networks;Task analysis;Training;Image forensics;Convolutional neural networks;multimedia forensics;post-processing operation;transfer policy},
	doi={10.1109/ACCESS.2018.2883588}}
@article{krawtez2007pictures,
	title={A pictures worth digital image analysis and forensics},
	author={Krawtez, N},
	journal={Black Hat Briefings},
	volume={131},
	number={1},
	pages={31},
	year={2007}
}
@article{ghai2024deep,
	title={A deep-learning-based image forgery detection framework for controlling the spread of misinformation},
	author={Ghai, Ambica and Kumar, Pradeep and Gupta, Samrat},
	journal={Information Technology \& People},
	volume={37},
	number={2},
	pages={966--997},
	year={2024},
	publisher={Emerald Publishing Limited}
}
@ARTICLE{10035377,
	author={Pham, Nam Thanh and Park, Chun-Su},
	journal={IEEE Access}, 
	title={Toward Deep-Learning-Based Methods in Image Forgery Detection: A Survey}, 
	year={2023},
	volume={11},
	number={},
	pages={11224-11237},
	keywords={Deep learning;Location awareness;Forgery;Image recognition;Copy-move image;image forgery;spliced image},
	doi={10.1109/ACCESS.2023.3241837}}
@INPROCEEDINGS{9404748,
	author={Hingrajiya, Krishna H. and Sheth, Ravi K.},
	booktitle={2021 International Conference on Advance Computing and Innovative Technologies in Engineering (ICACITE)}, 
	title={Comparative Study of Digital Image Forgery Detection Techniques}, 
	year={2021},
	volume={},
	number={},
	pages={83-86},
	keywords={Technological innovation;Image resolution;Image coding;Digital images;Transform coding;Feature extraction;Forgery;Image processing;Forgery detection methods;Image authentication;Copy-move forgery},
	doi={10.1109/ICACITE51222.2021.9404748}}
@INPROCEEDINGS{10627878,
	author={Geethanjali, T M and Darshan, T S and Surya, K and Rahul, H U and Sheety, Ipshika N},
	booktitle={2024 International Conference on Signal Processing, Computation, Electronics, Power and Telecommunication (IConSCEPT)}, 
	title={Detectify : Image Tampering Detection using Error Level Analysis (ELA) and Convolutional Neural Network (CNN)}, 
	year={2024},
	volume={},
	number={},
	pages={1-6},
	keywords={Visualization;Deepfakes;Image coding;Forensics;Digital images;Splicing;Focusing;Image manipulation detection;image tampering detection;CNN and ELA},
	doi={10.1109/IConSCEPT61884.2024.10627878}}